\% This file was created with JabRef 2.7.
\% Encoding: Cp1251

@TechReport{ Bournez2009,
	author = "Carine Bournez",
	title = "{Efficient XML Interchange Evaluation}",
	institution = "W3C",
	year = "2009",
	owner = "Mimi",
	timestamp = "2011.10.22",
	url = "http://www.w3.org/TR/exi-evaluation/"
}

@Electronic{ EXIP,
	author = "Rumen Kyusakov",
	year = "2011",
	title = "{EXIP}",
	url = "http://exip.sourceforge.net/",
	owner = "Mimi",
	timestamp = "2011.10.22"
}

@InProceedings{ RumenKyusakov2011,
	author = "Rumen Kyusakov and Jens Eliasson and Jerker Delsing",
	title = "{Efficient Structured Data Processing for Web Service Enabled Shop Floor Devices}",
	booktitle = "20th IEEE International Symposium on Industrial Electronics",
	year = "2011",
	comment = "The first EXIP paper. Described the EXIP API",
	owner = "rumkyu",
	timestamp = "2011.03.03"
}

@TechReport{ White2007,
	author = "Greg White and Jaakko Kangasharju and Don Brutzman and Stephen Williams",
	title = "{Efficient XML Interchange Measurements Note}",
	institution = "W3C",
	year = "2007",
	owner = "Mimi",
	timestamp = "2011.10.22",
	url = "http://www.w3.org/TR/exi-measurements/"
}

@Electronic{ EXIPR,
	year = "2011",
	title = "{W3C Extends Reach of XML}",
	organization = "W3C",
	url = "http://www.w3.org/2011/03/exi-pr.html",
	owner = "Mimi",
	timestamp = "2011.10.22"
}

@Electronic{ imcAesop,
	year = "2011",
	title = "{AESOP project}",
	url = "http://imc-aesop.eu/",
	owner = "rumen",
	timestamp = "2011.10.23"
}

@Comment{jabref-meta: selector\_review:}

@Comment{jabref-meta: selector\_publisher:}

@Comment{jabref-meta: selector\_author:}

@Comment{jabref-meta: selector\_journal:}

@Comment{jabref-meta: selector\_keywords:}

